@article{einstein,
    author          = {Albert Einstein},
    title           = {Zur Elektrodynamik Bewegter Korper (German) [On the electrodynamics of moving bodies]},
    journaltitle    = {Annalen der Physik},
    journal         = {Annalen der Physik},
    year            = {1905},
    volume          = {322},
    number          = {10},
    pages           = {891-921},
	month           = {March},
	publisher       = {Publisher},
    DOI             = {http://dx.doi.org/10.1002/andp.19053221004}
}

@book{gossens,
    author          = {Michel Goossens and Frank Mittelbach and Alexander Samarin},
    title           = {{T}he {L}aTex {C}ompanion},
    year            = {1993},
	edition         = {7th},
    publisher       = {Addison-Wesley},
    location        = {Reading, Massachusetts}
    address         = "\empty"
}

@online{knuth,
    author          = {Donald Knuth},
    title           = {Knuth: Computers and Typesetting},
    year            = {1984},
    howpublished    = {https://databookuw.com},
    note            = "\url{http://citeseer.ist.psu.edu/562256.html} and 
                       \url{http://gfs.sf.net/gerris.pdf}",
    url             = {http://www-cs-faculty.stanford.edu/~uno/abcde.html; https://github.com/dynamicslab/databook_python},
}
